%YAML 1.1
%TAG !u! tag:unity3d.com,2011:
--- !u!1 &3186655609189133409
GameObject:
  m_ObjectHideFlags: 0
  m_CorrespondingSourceObject: {fileID: 0}
  m_PrefabInstance: {fileID: 0}
  m_PrefabAsset: {fileID: 0}
  serializedVersion: 6
  m_Component:
  - component: {fileID: 3186655609189133408}
  - component: {fileID: 3186655609189133413}
  - component: {fileID: 3186655609189133414}
  - component: {fileID: 3186655609189133415}
  m_Layer: 0
  m_Name: 'Asa 3 '
  m_TagString: Untagged
  m_Icon: {fileID: 0}
  m_NavMeshLayer: 0
  m_StaticEditorFlags: 0
  m_IsActive: 1
--- !u!4 &3186655609189133408
Transform:
  m_ObjectHideFlags: 0
  m_CorrespondingSourceObject: {fileID: 0}
  m_PrefabInstance: {fileID: 0}
  m_PrefabAsset: {fileID: 0}
  m_GameObject: {fileID: 3186655609189133409}
  m_LocalRotation: {x: 0, y: 0, z: 0, w: 1}
  m_LocalPosition: {x: 113.6, y: 94.08, z: 29.6}
  m_LocalScale: {x: 6.0047593, y: 6.0047593, z: 6.0047593}
  m_Children: []
  m_Father: {fileID: 985322229024372629}
  m_RootOrder: 2
  m_LocalEulerAnglesHint: {x: 0, y: 0, z: 0}
--- !u!33 &3186655609189133413
MeshFilter:
  m_ObjectHideFlags: 0
  m_CorrespondingSourceObject: {fileID: 0}
  m_PrefabInstance: {fileID: 0}
  m_PrefabAsset: {fileID: 0}
  m_GameObject: {fileID: 3186655609189133409}
  m_Mesh: {fileID: 10202, guid: 0000000000000000e000000000000000, type: 0}
--- !u!23 &3186655609189133414
MeshRenderer:
  m_ObjectHideFlags: 0
  m_CorrespondingSourceObject: {fileID: 0}
  m_PrefabInstance: {fileID: 0}
  m_PrefabAsset: {fileID: 0}
  m_GameObject: {fileID: 3186655609189133409}
  m_Enabled: 0
  m_CastShadows: 1
  m_ReceiveShadows: 1
  m_DynamicOccludee: 1
  m_MotionVectors: 1
  m_LightProbeUsage: 1
  m_ReflectionProbeUsage: 1
  m_RayTracingMode: 2
  m_RenderingLayerMask: 1
  m_RendererPriority: 0
  m_Materials:
  - {fileID: 2100000, guid: 31321ba15b8f8eb4c954353edc038b1d, type: 2}
  m_StaticBatchInfo:
    firstSubMesh: 0
    subMeshCount: 0
  m_StaticBatchRoot: {fileID: 0}
  m_ProbeAnchor: {fileID: 0}
  m_LightProbeVolumeOverride: {fileID: 0}
  m_ScaleInLightmap: 1
  m_ReceiveGI: 1
  m_PreserveUVs: 0
  m_IgnoreNormalsForChartDetection: 0
  m_ImportantGI: 0
  m_StitchLightmapSeams: 1
  m_SelectedEditorRenderState: 3
  m_MinimumChartSize: 4
  m_AutoUVMaxDistance: 0.5
  m_AutoUVMaxAngle: 89
  m_LightmapParameters: {fileID: 0}
  m_SortingLayerID: 0
  m_SortingLayer: 0
  m_SortingOrder: 0
--- !u!65 &3186655609189133415
BoxCollider:
  m_ObjectHideFlags: 0
  m_CorrespondingSourceObject: {fileID: 0}
  m_PrefabInstance: {fileID: 0}
  m_PrefabAsset: {fileID: 0}
  m_GameObject: {fileID: 3186655609189133409}
  m_Material: {fileID: 0}
  m_IsTrigger: 1
  m_Enabled: 1
  serializedVersion: 2
  m_Size: {x: 1, y: 1, z: 1}
  m_Center: {x: 0, y: 0, z: 0}
--- !u!1 &3186655609289248218
GameObject:
  m_ObjectHideFlags: 0
  m_CorrespondingSourceObject: {fileID: 0}
  m_PrefabInstance: {fileID: 0}
  m_PrefabAsset: {fileID: 0}
  serializedVersion: 6
  m_Component:
  - component: {fileID: 3186655609289248217}
  - component: {fileID: 3186655609289248222}
  - component: {fileID: 3186655609289248223}
  - component: {fileID: 3186655609289248216}
  m_Layer: 0
  m_Name: Asa 2
  m_TagString: Untagged
  m_Icon: {fileID: 0}
  m_NavMeshLayer: 0
  m_StaticEditorFlags: 0
  m_IsActive: 1
--- !u!4 &3186655609289248217
Transform:
  m_ObjectHideFlags: 0
  m_CorrespondingSourceObject: {fileID: 0}
  m_PrefabInstance: {fileID: 0}
  m_PrefabAsset: {fileID: 0}
  m_GameObject: {fileID: 3186655609289248218}
  m_LocalRotation: {x: 0, y: 0, z: 0, w: 1}
  m_LocalPosition: {x: 49.9, y: 97, z: 29.6}
  m_LocalScale: {x: 5.647054, y: 5.647054, z: 5.647054}
  m_Children: []
  m_Father: {fileID: 985322229024372629}
  m_RootOrder: 1
  m_LocalEulerAnglesHint: {x: 0, y: 0, z: 0}
--- !u!33 &3186655609289248222
MeshFilter:
  m_ObjectHideFlags: 0
  m_CorrespondingSourceObject: {fileID: 0}
  m_PrefabInstance: {fileID: 0}
  m_PrefabAsset: {fileID: 0}
  m_GameObject: {fileID: 3186655609289248218}
  m_Mesh: {fileID: 10202, guid: 0000000000000000e000000000000000, type: 0}
--- !u!23 &3186655609289248223
MeshRenderer:
  m_ObjectHideFlags: 0
  m_CorrespondingSourceObject: {fileID: 0}
  m_PrefabInstance: {fileID: 0}
  m_PrefabAsset: {fileID: 0}
  m_GameObject: {fileID: 3186655609289248218}
  m_Enabled: 0
  m_CastShadows: 1
  m_ReceiveShadows: 1
  m_DynamicOccludee: 1
  m_MotionVectors: 1
  m_LightProbeUsage: 1
  m_ReflectionProbeUsage: 1
  m_RayTracingMode: 2
  m_RenderingLayerMask: 1
  m_RendererPriority: 0
  m_Materials:
  - {fileID: 2100000, guid: 31321ba15b8f8eb4c954353edc038b1d, type: 2}
  m_StaticBatchInfo:
    firstSubMesh: 0
    subMeshCount: 0
  m_StaticBatchRoot: {fileID: 0}
  m_ProbeAnchor: {fileID: 0}
  m_LightProbeVolumeOverride: {fileID: 0}
  m_ScaleInLightmap: 1
  m_ReceiveGI: 1
  m_PreserveUVs: 0
  m_IgnoreNormalsForChartDetection: 0
  m_ImportantGI: 0
  m_StitchLightmapSeams: 1
  m_SelectedEditorRenderState: 3
  m_MinimumChartSize: 4
  m_AutoUVMaxDistance: 0.5
  m_AutoUVMaxAngle: 89
  m_LightmapParameters: {fileID: 0}
  m_SortingLayerID: 0
  m_SortingLayer: 0
  m_SortingOrder: 0
--- !u!65 &3186655609289248216
BoxCollider:
  m_ObjectHideFlags: 0
  m_CorrespondingSourceObject: {fileID: 0}
  m_PrefabInstance: {fileID: 0}
  m_PrefabAsset: {fileID: 0}
  m_GameObject: {fileID: 3186655609289248218}
  m_Material: {fileID: 0}
  m_IsTrigger: 1
  m_Enabled: 1
  serializedVersion: 2
  m_Size: {x: 1, y: 1, z: 1}
  m_Center: {x: 0, y: 0, z: 0}
--- !u!1 &3186655609894280724
GameObject:
  m_ObjectHideFlags: 0
  m_CorrespondingSourceObject: {fileID: 0}
  m_PrefabInstance: {fileID: 0}
  m_PrefabAsset: {fileID: 0}
  serializedVersion: 6
  m_Component:
  - component: {fileID: 3186655609894280731}
  - component: {fileID: 3186655609894280728}
  - component: {fileID: 3186655609894280729}
  - component: {fileID: 3186655609894280730}
  m_Layer: 0
  m_Name: Asa
  m_TagString: Untagged
  m_Icon: {fileID: 0}
  m_NavMeshLayer: 0
  m_StaticEditorFlags: 0
  m_IsActive: 1
--- !u!4 &3186655609894280731
Transform:
  m_ObjectHideFlags: 0
  m_CorrespondingSourceObject: {fileID: 0}
  m_PrefabInstance: {fileID: 0}
  m_PrefabAsset: {fileID: 0}
  m_GameObject: {fileID: 3186655609894280724}
  m_LocalRotation: {x: -0, y: -0, z: -0, w: 1}
  m_LocalPosition: {x: -16.1, y: 95.9, z: 29.1}
  m_LocalScale: {x: 7.1746, y: 7.1746, z: 7.1746}
  m_Children: []
  m_Father: {fileID: 985322229024372629}
  m_RootOrder: 0
  m_LocalEulerAnglesHint: {x: 0, y: 0, z: 0}
--- !u!33 &3186655609894280728
MeshFilter:
  m_ObjectHideFlags: 0
  m_CorrespondingSourceObject: {fileID: 0}
  m_PrefabInstance: {fileID: 0}
  m_PrefabAsset: {fileID: 0}
  m_GameObject: {fileID: 3186655609894280724}
  m_Mesh: {fileID: 10202, guid: 0000000000000000e000000000000000, type: 0}
--- !u!23 &3186655609894280729
MeshRenderer:
  m_ObjectHideFlags: 0
  m_CorrespondingSourceObject: {fileID: 0}
  m_PrefabInstance: {fileID: 0}
  m_PrefabAsset: {fileID: 0}
  m_GameObject: {fileID: 3186655609894280724}
  m_Enabled: 0
  m_CastShadows: 1
  m_ReceiveShadows: 1
  m_DynamicOccludee: 1
  m_MotionVectors: 1
  m_LightProbeUsage: 1
  m_ReflectionProbeUsage: 1
  m_RayTracingMode: 2
  m_RenderingLayerMask: 1
  m_RendererPriority: 0
  m_Materials:
  - {fileID: 2100000, guid: 31321ba15b8f8eb4c954353edc038b1d, type: 2}
  m_StaticBatchInfo:
    firstSubMesh: 0
    subMeshCount: 0
  m_StaticBatchRoot: {fileID: 0}
  m_ProbeAnchor: {fileID: 0}
  m_LightProbeVolumeOverride: {fileID: 0}
  m_ScaleInLightmap: 1
  m_ReceiveGI: 1
  m_PreserveUVs: 0
  m_IgnoreNormalsForChartDetection: 0
  m_ImportantGI: 0
  m_StitchLightmapSeams: 1
  m_SelectedEditorRenderState: 3
  m_MinimumChartSize: 4
  m_AutoUVMaxDistance: 0.5
  m_AutoUVMaxAngle: 89
  m_LightmapParameters: {fileID: 0}
  m_SortingLayerID: 0
  m_SortingLayer: 0
  m_SortingOrder: 0
--- !u!65 &3186655609894280730
BoxCollider:
  m_ObjectHideFlags: 0
  m_CorrespondingSourceObject: {fileID: 0}
  m_PrefabInstance: {fileID: 0}
  m_PrefabAsset: {fileID: 0}
  m_GameObject: {fileID: 3186655609894280724}
  m_Material: {fileID: 0}
  m_IsTrigger: 1
  m_Enabled: 1
  serializedVersion: 2
  m_Size: {x: 1, y: 1, z: 1}
  m_Center: {x: 0, y: 0, z: 0}
--- !u!1 &7277423625645784429
GameObject:
  m_ObjectHideFlags: 0
  m_CorrespondingSourceObject: {fileID: 0}
  m_PrefabInstance: {fileID: 0}
  m_PrefabAsset: {fileID: 0}
  serializedVersion: 6
  m_Component:
  - component: {fileID: 985322229024372629}
  - component: {fileID: 2631879816878462908}
  - component: {fileID: 3618459431619847812}
  - component: {fileID: 7277423625645784428}
  - component: {fileID: 2660876684470256345}
  m_Layer: 0
  m_Name: "Estanter\xEDa Ocio"
  m_TagString: Untagged
  m_Icon: {fileID: 0}
  m_NavMeshLayer: 0
  m_StaticEditorFlags: 0
  m_IsActive: 1
--- !u!4 &985322229024372629
Transform:
  m_ObjectHideFlags: 0
  m_CorrespondingSourceObject: {fileID: 0}
  m_PrefabInstance: {fileID: 0}
  m_PrefabAsset: {fileID: 0}
  m_GameObject: {fileID: 7277423625645784429}
  m_LocalRotation: {x: -0.5, y: 0.5, z: 0.5, w: 0.5}
  m_LocalPosition: {x: -7.09, y: 3.68, z: 7.53}
  m_LocalScale: {x: 0.03823098, y: 0.03823099, z: 0.03823099}
  m_Children:
  - {fileID: 3186655609894280731}
  - {fileID: 3186655609289248217}
  - {fileID: 3186655609189133408}
  - {fileID: 1970158097297497008}
  - {fileID: 7167060913308582008}
  - {fileID: 1255381103041078765}
  - {fileID: 8589016882131767988}
  - {fileID: 1126407658573869313}
  - {fileID: 28742160400488205}
  - {fileID: 144675067985645285}
  - {fileID: 8277511418074952718}
  - {fileID: 666807265902387232}
  - {fileID: 4242006252944415286}
  - {fileID: 2826797300427548919}
  - {fileID: 1504935661696579609}
  - {fileID: 7266898122197438976}
  m_Father: {fileID: 0}
  m_RootOrder: 0
  m_LocalEulerAnglesHint: {x: -90.00001, y: 90, z: 0}
--- !u!33 &2631879816878462908
MeshFilter:
  m_ObjectHideFlags: 0
  m_CorrespondingSourceObject: {fileID: 0}
  m_PrefabInstance: {fileID: 0}
  m_PrefabAsset: {fileID: 0}
  m_GameObject: {fileID: 7277423625645784429}
  m_Mesh: {fileID: 8581930515416937526, guid: a70d5800d1c9e5f4abb23182c5dd814a, type: 3}
--- !u!23 &3618459431619847812
MeshRenderer:
  m_ObjectHideFlags: 0
  m_CorrespondingSourceObject: {fileID: 0}
  m_PrefabInstance: {fileID: 0}
  m_PrefabAsset: {fileID: 0}
  m_GameObject: {fileID: 7277423625645784429}
  m_Enabled: 1
  m_CastShadows: 1
  m_ReceiveShadows: 1
  m_DynamicOccludee: 1
  m_MotionVectors: 1
  m_LightProbeUsage: 1
  m_ReflectionProbeUsage: 1
  m_RayTracingMode: 2
  m_RenderingLayerMask: 1
  m_RendererPriority: 0
  m_Materials:
  - {fileID: 1375707362533852401, guid: a70d5800d1c9e5f4abb23182c5dd814a, type: 3}
  m_StaticBatchInfo:
    firstSubMesh: 0
    subMeshCount: 0
  m_StaticBatchRoot: {fileID: 0}
  m_ProbeAnchor: {fileID: 0}
  m_LightProbeVolumeOverride: {fileID: 0}
  m_ScaleInLightmap: 1
  m_ReceiveGI: 1
  m_PreserveUVs: 0
  m_IgnoreNormalsForChartDetection: 0
  m_ImportantGI: 0
  m_StitchLightmapSeams: 1
  m_SelectedEditorRenderState: 3
  m_MinimumChartSize: 4
  m_AutoUVMaxDistance: 0.5
  m_AutoUVMaxAngle: 89
  m_LightmapParameters: {fileID: 0}
  m_SortingLayerID: 0
  m_SortingLayer: 0
  m_SortingOrder: 0
--- !u!95 &7277423625645784428
Animator:
  serializedVersion: 3
  m_ObjectHideFlags: 0
  m_CorrespondingSourceObject: {fileID: 0}
  m_PrefabInstance: {fileID: 0}
  m_PrefabAsset: {fileID: 0}
  m_GameObject: {fileID: 7277423625645784429}
  m_Enabled: 0
  m_Avatar: {fileID: 0}
  m_Controller: {fileID: 9100000, guid: a7aca9226a1489a41ba8864adfb3159b, type: 2}
  m_CullingMode: 0
  m_UpdateMode: 0
  m_ApplyRootMotion: 0
  m_LinearVelocityBlending: 0
  m_WarningMessage: 
  m_HasTransformHierarchy: 1
  m_AllowConstantClipSamplingOptimization: 1
  m_KeepAnimatorControllerStateOnDisable: 0
--- !u!64 &2660876684470256345
MeshCollider:
  m_ObjectHideFlags: 0
  m_CorrespondingSourceObject: {fileID: 0}
  m_PrefabInstance: {fileID: 0}
  m_PrefabAsset: {fileID: 0}
  m_GameObject: {fileID: 7277423625645784429}
  m_Material: {fileID: 0}
  m_IsTrigger: 0
  m_Enabled: 1
  serializedVersion: 4
  m_Convex: 0
  m_CookingOptions: 30
  m_Mesh: {fileID: 8581930515416937526, guid: a70d5800d1c9e5f4abb23182c5dd814a, type: 3}
--- !u!1001 &2660876683970045904
PrefabInstance:
  m_ObjectHideFlags: 0
  serializedVersion: 2
  m_Modification:
    m_TransformParent: {fileID: 985322229024372629}
    m_Modifications:
    - target: {fileID: 142423565537254474, guid: 724e5358e2a09aa4e9c9417bb9e2287a,
        type: 3}
      propertyPath: m_Name
      value: serie sobrenatural 2
      objectReference: {fileID: 0}
    - target: {fileID: 3120036812021847761, guid: 724e5358e2a09aa4e9c9417bb9e2287a,
        type: 3}
      propertyPath: m_LocalPosition.x
      value: 56.498688
      objectReference: {fileID: 0}
    - target: {fileID: 3120036812021847761, guid: 724e5358e2a09aa4e9c9417bb9e2287a,
        type: 3}
      propertyPath: m_LocalPosition.y
      value: 77.47641
      objectReference: {fileID: 0}
    - target: {fileID: 3120036812021847761, guid: 724e5358e2a09aa4e9c9417bb9e2287a,
        type: 3}
      propertyPath: m_LocalPosition.z
      value: 41.801167
      objectReference: {fileID: 0}
    - target: {fileID: 3120036812021847761, guid: 724e5358e2a09aa4e9c9417bb9e2287a,
        type: 3}
      propertyPath: m_LocalRotation.x
      value: -0
      objectReference: {fileID: 0}
    - target: {fileID: 3120036812021847761, guid: 724e5358e2a09aa4e9c9417bb9e2287a,
        type: 3}
      propertyPath: m_LocalRotation.y
      value: -0.7071068
      objectReference: {fileID: 0}
    - target: {fileID: 3120036812021847761, guid: 724e5358e2a09aa4e9c9417bb9e2287a,
        type: 3}
      propertyPath: m_LocalRotation.z
      value: -0.7071068
      objectReference: {fileID: 0}
    - target: {fileID: 3120036812021847761, guid: 724e5358e2a09aa4e9c9417bb9e2287a,
        type: 3}
      propertyPath: m_LocalRotation.w
      value: 0
      objectReference: {fileID: 0}
    - target: {fileID: 3120036812021847761, guid: 724e5358e2a09aa4e9c9417bb9e2287a,
        type: 3}
      propertyPath: m_RootOrder
      value: 7
      objectReference: {fileID: 0}
    - target: {fileID: 3120036812021847761, guid: 724e5358e2a09aa4e9c9417bb9e2287a,
        type: 3}
      propertyPath: m_LocalEulerAnglesHint.x
      value: 0
      objectReference: {fileID: 0}
    - target: {fileID: 3120036812021847761, guid: 724e5358e2a09aa4e9c9417bb9e2287a,
        type: 3}
      propertyPath: m_LocalEulerAnglesHint.y
      value: -90
      objectReference: {fileID: 0}
    - target: {fileID: 3120036812021847761, guid: 724e5358e2a09aa4e9c9417bb9e2287a,
        type: 3}
      propertyPath: m_LocalEulerAnglesHint.z
      value: 0
      objectReference: {fileID: 0}
    - target: {fileID: 3120036812021847761, guid: 724e5358e2a09aa4e9c9417bb9e2287a,
        type: 3}
      propertyPath: m_LocalScale.x
      value: 45.82402
      objectReference: {fileID: 0}
    - target: {fileID: 3120036812021847761, guid: 724e5358e2a09aa4e9c9417bb9e2287a,
        type: 3}
      propertyPath: m_LocalScale.y
      value: 45.82401
      objectReference: {fileID: 0}
    - target: {fileID: 3120036812021847761, guid: 724e5358e2a09aa4e9c9417bb9e2287a,
        type: 3}
      propertyPath: m_LocalScale.z
      value: 45.824013
      objectReference: {fileID: 0}
    m_RemovedComponents: []
  m_SourcePrefab: {fileID: 100100000, guid: 724e5358e2a09aa4e9c9417bb9e2287a, type: 3}
--- !u!4 &1126407658573869313 stripped
Transform:
  m_CorrespondingSourceObject: {fileID: 3120036812021847761, guid: 724e5358e2a09aa4e9c9417bb9e2287a,
    type: 3}
  m_PrefabInstance: {fileID: 2660876683970045904}
  m_PrefabAsset: {fileID: 0}
--- !u!1001 &2660876684135141983
PrefabInstance:
  m_ObjectHideFlags: 0
  serializedVersion: 2
  m_Modification:
    m_TransformParent: {fileID: 985322229024372629}
    m_Modifications:
    - target: {fileID: 818439839329440116, guid: bce929706c3d51c48b6333d4aae1f71b,
        type: 3}
      propertyPath: m_Name
      value: sobrenatural 4 5
      objectReference: {fileID: 0}
    - target: {fileID: 6211297283181798993, guid: bce929706c3d51c48b6333d4aae1f71b,
        type: 3}
      propertyPath: m_LocalPosition.x
      value: 1.255535
      objectReference: {fileID: 0}
    - target: {fileID: 6211297283181798993, guid: bce929706c3d51c48b6333d4aae1f71b,
        type: 3}
      propertyPath: m_LocalPosition.y
      value: 93.65963
      objectReference: {fileID: 0}
    - target: {fileID: 6211297283181798993, guid: bce929706c3d51c48b6333d4aae1f71b,
        type: 3}
      propertyPath: m_LocalPosition.z
      value: 41.427128
      objectReference: {fileID: 0}
    - target: {fileID: 6211297283181798993, guid: bce929706c3d51c48b6333d4aae1f71b,
        type: 3}
      propertyPath: m_LocalRotation.x
      value: 0.7071068
      objectReference: {fileID: 0}
    - target: {fileID: 6211297283181798993, guid: bce929706c3d51c48b6333d4aae1f71b,
        type: 3}
      propertyPath: m_LocalRotation.y
      value: -0
      objectReference: {fileID: 0}
    - target: {fileID: 6211297283181798993, guid: bce929706c3d51c48b6333d4aae1f71b,
        type: 3}
      propertyPath: m_LocalRotation.z
      value: -0
      objectReference: {fileID: 0}
    - target: {fileID: 6211297283181798993, guid: bce929706c3d51c48b6333d4aae1f71b,
        type: 3}
      propertyPath: m_LocalRotation.w
      value: 0.7071068
      objectReference: {fileID: 0}
    - target: {fileID: 6211297283181798993, guid: bce929706c3d51c48b6333d4aae1f71b,
        type: 3}
      propertyPath: m_RootOrder
      value: 10
      objectReference: {fileID: 0}
    - target: {fileID: 6211297283181798993, guid: bce929706c3d51c48b6333d4aae1f71b,
        type: 3}
      propertyPath: m_LocalEulerAnglesHint.x
      value: 0
      objectReference: {fileID: 0}
    - target: {fileID: 6211297283181798993, guid: bce929706c3d51c48b6333d4aae1f71b,
        type: 3}
      propertyPath: m_LocalEulerAnglesHint.y
      value: 90
      objectReference: {fileID: 0}
    - target: {fileID: 6211297283181798993, guid: bce929706c3d51c48b6333d4aae1f71b,
        type: 3}
      propertyPath: m_LocalEulerAnglesHint.z
      value: 0
      objectReference: {fileID: 0}
    - target: {fileID: 6211297283181798993, guid: bce929706c3d51c48b6333d4aae1f71b,
        type: 3}
      propertyPath: m_LocalScale.x
      value: 43.56688
      objectReference: {fileID: 0}
    - target: {fileID: 6211297283181798993, guid: bce929706c3d51c48b6333d4aae1f71b,
        type: 3}
      propertyPath: m_LocalScale.y
      value: 43.566864
      objectReference: {fileID: 0}
    - target: {fileID: 6211297283181798993, guid: bce929706c3d51c48b6333d4aae1f71b,
        type: 3}
      propertyPath: m_LocalScale.z
      value: 43.566868
      objectReference: {fileID: 0}
    m_RemovedComponents:
    - {fileID: 2773680303136149440, guid: bce929706c3d51c48b6333d4aae1f71b, type: 3}
  m_SourcePrefab: {fileID: 100100000, guid: bce929706c3d51c48b6333d4aae1f71b, type: 3}
--- !u!4 &8277511418074952718 stripped
Transform:
  m_CorrespondingSourceObject: {fileID: 6211297283181798993, guid: bce929706c3d51c48b6333d4aae1f71b,
    type: 3}
  m_PrefabInstance: {fileID: 2660876684135141983}
  m_PrefabAsset: {fileID: 0}
--- !u!1001 &2660876684148423944
PrefabInstance:
  m_ObjectHideFlags: 0
  serializedVersion: 2
  m_Modification:
    m_TransformParent: {fileID: 985322229024372629}
    m_Modifications:
    - target: {fileID: 6043554061230616508, guid: c45fd7bc7e162094f80919a516a54fc9,
        type: 3}
      propertyPath: m_LocalPosition.x
      value: 76.88791
      objectReference: {fileID: 0}
    - target: {fileID: 6043554061230616508, guid: c45fd7bc7e162094f80919a516a54fc9,
        type: 3}
      propertyPath: m_LocalPosition.y
      value: 107.11207
      objectReference: {fileID: 0}
    - target: {fileID: 6043554061230616508, guid: c45fd7bc7e162094f80919a516a54fc9,
        type: 3}
      propertyPath: m_LocalPosition.z
      value: 47.623676
      objectReference: {fileID: 0}
    - target: {fileID: 6043554061230616508, guid: c45fd7bc7e162094f80919a516a54fc9,
        type: 3}
      propertyPath: m_LocalRotation.x
      value: 0.5
      objectReference: {fileID: 0}
    - target: {fileID: 6043554061230616508, guid: c45fd7bc7e162094f80919a516a54fc9,
        type: 3}
      propertyPath: m_LocalRotation.y
      value: 0.5
      objectReference: {fileID: 0}
    - target: {fileID: 6043554061230616508, guid: c45fd7bc7e162094f80919a516a54fc9,
        type: 3}
      propertyPath: m_LocalRotation.z
      value: 0.5
      objectReference: {fileID: 0}
    - target: {fileID: 6043554061230616508, guid: c45fd7bc7e162094f80919a516a54fc9,
        type: 3}
      propertyPath: m_LocalRotation.w
      value: 0.5
      objectReference: {fileID: 0}
    - target: {fileID: 6043554061230616508, guid: c45fd7bc7e162094f80919a516a54fc9,
        type: 3}
      propertyPath: m_RootOrder
      value: 6
      objectReference: {fileID: 0}
    - target: {fileID: 6043554061230616508, guid: c45fd7bc7e162094f80919a516a54fc9,
        type: 3}
      propertyPath: m_LocalEulerAnglesHint.x
      value: 0
      objectReference: {fileID: 0}
    - target: {fileID: 6043554061230616508, guid: c45fd7bc7e162094f80919a516a54fc9,
        type: 3}
      propertyPath: m_LocalEulerAnglesHint.y
      value: 180
      objectReference: {fileID: 0}
    - target: {fileID: 6043554061230616508, guid: c45fd7bc7e162094f80919a516a54fc9,
        type: 3}
      propertyPath: m_LocalEulerAnglesHint.z
      value: 0
      objectReference: {fileID: 0}
    - target: {fileID: 6043554061230616508, guid: c45fd7bc7e162094f80919a516a54fc9,
        type: 3}
      propertyPath: m_LocalScale.x
      value: 0.47331724
      objectReference: {fileID: 0}
    - target: {fileID: 6043554061230616508, guid: c45fd7bc7e162094f80919a516a54fc9,
        type: 3}
      propertyPath: m_LocalScale.y
      value: 0.45077834
      objectReference: {fileID: 0}
    - target: {fileID: 6043554061230616508, guid: c45fd7bc7e162094f80919a516a54fc9,
        type: 3}
      propertyPath: m_LocalScale.z
      value: 0.4507784
      objectReference: {fileID: 0}
    - target: {fileID: 6382960538392294662, guid: c45fd7bc7e162094f80919a516a54fc9,
        type: 3}
      propertyPath: m_Name
      value: pelicula aladdin 1
      objectReference: {fileID: 0}
    m_RemovedComponents: []
  m_SourcePrefab: {fileID: 100100000, guid: c45fd7bc7e162094f80919a516a54fc9, type: 3}
--- !u!4 &8589016882131767988 stripped
Transform:
  m_CorrespondingSourceObject: {fileID: 6043554061230616508, guid: c45fd7bc7e162094f80919a516a54fc9,
    type: 3}
  m_PrefabInstance: {fileID: 2660876684148423944}
  m_PrefabAsset: {fileID: 0}
--- !u!1001 &2660876684512827210
PrefabInstance:
  m_ObjectHideFlags: 0
  serializedVersion: 2
  m_Modification:
    m_TransformParent: {fileID: 985322229024372629}
    m_Modifications:
    - target: {fileID: 1808271863415746123, guid: f0a9929631cb42a41944f7202d443a90,
        type: 3}
      propertyPath: m_Name
      value: sailor 3
      objectReference: {fileID: 0}
    - target: {fileID: 4592050281696939258, guid: f0a9929631cb42a41944f7202d443a90,
        type: 3}
      propertyPath: m_LocalPosition.x
      value: 70.335625
      objectReference: {fileID: 0}
    - target: {fileID: 4592050281696939258, guid: f0a9929631cb42a41944f7202d443a90,
        type: 3}
      propertyPath: m_LocalPosition.y
      value: 80.301346
      objectReference: {fileID: 0}
    - target: {fileID: 4592050281696939258, guid: f0a9929631cb42a41944f7202d443a90,
        type: 3}
      propertyPath: m_LocalPosition.z
      value: 28.092398
      objectReference: {fileID: 0}
    - target: {fileID: 4592050281696939258, guid: f0a9929631cb42a41944f7202d443a90,
        type: 3}
      propertyPath: m_LocalRotation.x
      value: -0
      objectReference: {fileID: 0}
    - target: {fileID: 4592050281696939258, guid: f0a9929631cb42a41944f7202d443a90,
        type: 3}
      propertyPath: m_LocalRotation.y
      value: -0.7071068
      objectReference: {fileID: 0}
    - target: {fileID: 4592050281696939258, guid: f0a9929631cb42a41944f7202d443a90,
        type: 3}
      propertyPath: m_LocalRotation.z
      value: -0.7071068
      objectReference: {fileID: 0}
    - target: {fileID: 4592050281696939258, guid: f0a9929631cb42a41944f7202d443a90,
        type: 3}
      propertyPath: m_LocalRotation.w
      value: 0
      objectReference: {fileID: 0}
    - target: {fileID: 4592050281696939258, guid: f0a9929631cb42a41944f7202d443a90,
        type: 3}
      propertyPath: m_RootOrder
      value: 3
      objectReference: {fileID: 0}
    - target: {fileID: 4592050281696939258, guid: f0a9929631cb42a41944f7202d443a90,
        type: 3}
      propertyPath: m_LocalEulerAnglesHint.x
      value: 0
      objectReference: {fileID: 0}
    - target: {fileID: 4592050281696939258, guid: f0a9929631cb42a41944f7202d443a90,
        type: 3}
      propertyPath: m_LocalEulerAnglesHint.y
      value: -90
      objectReference: {fileID: 0}
    - target: {fileID: 4592050281696939258, guid: f0a9929631cb42a41944f7202d443a90,
        type: 3}
      propertyPath: m_LocalEulerAnglesHint.z
      value: 0
      objectReference: {fileID: 0}
    - target: {fileID: 4592050281696939258, guid: f0a9929631cb42a41944f7202d443a90,
        type: 3}
      propertyPath: m_LocalScale.x
      value: 103.17903
      objectReference: {fileID: 0}
    - target: {fileID: 4592050281696939258, guid: f0a9929631cb42a41944f7202d443a90,
        type: 3}
      propertyPath: m_LocalScale.y
      value: 103.17901
      objectReference: {fileID: 0}
    - target: {fileID: 4592050281696939258, guid: f0a9929631cb42a41944f7202d443a90,
        type: 3}
      propertyPath: m_LocalScale.z
      value: 103.179016
      objectReference: {fileID: 0}
    - target: {fileID: 9096265703476300276, guid: f0a9929631cb42a41944f7202d443a90,
        type: 3}
      propertyPath: m_Size.x
      value: 0.06592847
      objectReference: {fileID: 0}
    - target: {fileID: 9096265703476300276, guid: f0a9929631cb42a41944f7202d443a90,
        type: 3}
      propertyPath: m_Size.y
      value: 0.11117837
      objectReference: {fileID: 0}
    - target: {fileID: 9096265703476300276, guid: f0a9929631cb42a41944f7202d443a90,
        type: 3}
      propertyPath: m_Center.x
      value: -0.2391294
      objectReference: {fileID: 0}
    - target: {fileID: 9096265703476300276, guid: f0a9929631cb42a41944f7202d443a90,
        type: 3}
      propertyPath: m_Center.y
      value: -0.013797681
      objectReference: {fileID: 0}
    - target: {fileID: 9096265703476300276, guid: f0a9929631cb42a41944f7202d443a90,
        type: 3}
      propertyPath: m_Center.z
      value: 0.036089618
      objectReference: {fileID: 0}
    - target: {fileID: 9096265703476300276, guid: f0a9929631cb42a41944f7202d443a90,
        type: 3}
      propertyPath: m_Size.z
      value: 0.017882662
      objectReference: {fileID: 0}
    m_RemovedComponents: []
  m_SourcePrefab: {fileID: 100100000, guid: f0a9929631cb42a41944f7202d443a90, type: 3}
--- !u!4 &1970158097297497008 stripped
Transform:
  m_CorrespondingSourceObject: {fileID: 4592050281696939258, guid: f0a9929631cb42a41944f7202d443a90,
    type: 3}
  m_PrefabInstance: {fileID: 2660876684512827210}
  m_PrefabAsset: {fileID: 0}
--- !u!1001 &2660876684676266208
PrefabInstance:
  m_ObjectHideFlags: 0
  serializedVersion: 2
  m_Modification:
    m_TransformParent: {fileID: 985322229024372629}
    m_Modifications:
    - target: {fileID: 276857121779945495, guid: 00f6b1bbc06afe14481a9b30f74c2c24,
        type: 3}
      propertyPath: m_LocalPosition.x
      value: -4.8390055
      objectReference: {fileID: 0}
    - target: {fileID: 276857121779945495, guid: 00f6b1bbc06afe14481a9b30f74c2c24,
        type: 3}
      propertyPath: m_LocalPosition.y
      value: 103.894775
      objectReference: {fileID: 0}
    - target: {fileID: 276857121779945495, guid: 00f6b1bbc06afe14481a9b30f74c2c24,
        type: 3}
      propertyPath: m_LocalPosition.z
      value: 32.120537
      objectReference: {fileID: 0}
    - target: {fileID: 276857121779945495, guid: 00f6b1bbc06afe14481a9b30f74c2c24,
        type: 3}
      propertyPath: m_LocalRotation.x
      value: 0.000000029802322
      objectReference: {fileID: 0}
    - target: {fileID: 276857121779945495, guid: 00f6b1bbc06afe14481a9b30f74c2c24,
        type: 3}
      propertyPath: m_LocalRotation.y
      value: -1
      objectReference: {fileID: 0}
    - target: {fileID: 276857121779945495, guid: 00f6b1bbc06afe14481a9b30f74c2c24,
        type: 3}
      propertyPath: m_LocalRotation.z
      value: -0.000000029802322
      objectReference: {fileID: 0}
    - target: {fileID: 276857121779945495, guid: 00f6b1bbc06afe14481a9b30f74c2c24,
        type: 3}
      propertyPath: m_LocalRotation.w
      value: -0.000000059604645
      objectReference: {fileID: 0}
    - target: {fileID: 276857121779945495, guid: 00f6b1bbc06afe14481a9b30f74c2c24,
        type: 3}
      propertyPath: m_RootOrder
      value: 13
      objectReference: {fileID: 0}
    - target: {fileID: 276857121779945495, guid: 00f6b1bbc06afe14481a9b30f74c2c24,
        type: 3}
      propertyPath: m_LocalEulerAnglesHint.x
      value: 90.00001
      objectReference: {fileID: 0}
    - target: {fileID: 276857121779945495, guid: 00f6b1bbc06afe14481a9b30f74c2c24,
        type: 3}
      propertyPath: m_LocalEulerAnglesHint.y
      value: 0
      objectReference: {fileID: 0}
    - target: {fileID: 276857121779945495, guid: 00f6b1bbc06afe14481a9b30f74c2c24,
        type: 3}
      propertyPath: m_LocalEulerAnglesHint.z
      value: 90
      objectReference: {fileID: 0}
    - target: {fileID: 276857121779945495, guid: 00f6b1bbc06afe14481a9b30f74c2c24,
        type: 3}
      propertyPath: m_LocalScale.x
      value: 0.605517
      objectReference: {fileID: 0}
    - target: {fileID: 276857121779945495, guid: 00f6b1bbc06afe14481a9b30f74c2c24,
        type: 3}
      propertyPath: m_LocalScale.y
      value: 0.36331028
      objectReference: {fileID: 0}
    - target: {fileID: 276857121779945495, guid: 00f6b1bbc06afe14481a9b30f74c2c24,
        type: 3}
      propertyPath: m_LocalScale.z
      value: 0.60551697
      objectReference: {fileID: 0}
    - target: {fileID: 620450809276746413, guid: 00f6b1bbc06afe14481a9b30f74c2c24,
        type: 3}
      propertyPath: m_Name
      value: switch pikachu
      objectReference: {fileID: 0}
    - target: {fileID: 3533104517597250657, guid: 00f6b1bbc06afe14481a9b30f74c2c24,
        type: 3}
      propertyPath: m_LocalScale.x
      value: 2.5335407
      objectReference: {fileID: 0}
    - target: {fileID: 3533104517597250657, guid: 00f6b1bbc06afe14481a9b30f74c2c24,
        type: 3}
      propertyPath: m_LocalScale.y
      value: 2.369766
      objectReference: {fileID: 0}
    - target: {fileID: 3533104517597250657, guid: 00f6b1bbc06afe14481a9b30f74c2c24,
        type: 3}
      propertyPath: m_LocalScale.z
      value: 1.9639866
      objectReference: {fileID: 0}
    - target: {fileID: 3533104517597250657, guid: 00f6b1bbc06afe14481a9b30f74c2c24,
        type: 3}
      propertyPath: m_LocalPosition.y
      value: -27.6
      objectReference: {fileID: 0}
    - target: {fileID: 3533104517597250657, guid: 00f6b1bbc06afe14481a9b30f74c2c24,
        type: 3}
      propertyPath: m_LocalPosition.z
      value: 9.42
      objectReference: {fileID: 0}
    - target: {fileID: 3533104517597250657, guid: 00f6b1bbc06afe14481a9b30f74c2c24,
        type: 3}
      propertyPath: m_LocalPosition.x
      value: -9.04
      objectReference: {fileID: 0}
    - target: {fileID: 5371082673048699603, guid: 00f6b1bbc06afe14481a9b30f74c2c24,
        type: 3}
      propertyPath: m_LocalPosition.x
      value: -8.87
      objectReference: {fileID: 0}
    - target: {fileID: 5371082673048699603, guid: 00f6b1bbc06afe14481a9b30f74c2c24,
        type: 3}
      propertyPath: m_LocalPosition.z
      value: 9.51
      objectReference: {fileID: 0}
    - target: {fileID: 5371082673048699603, guid: 00f6b1bbc06afe14481a9b30f74c2c24,
        type: 3}
      propertyPath: m_LocalScale.x
      value: 2.6557326
      objectReference: {fileID: 0}
    - target: {fileID: 5371082673048699603, guid: 00f6b1bbc06afe14481a9b30f74c2c24,
        type: 3}
      propertyPath: m_LocalScale.y
      value: 2.4038956
      objectReference: {fileID: 0}
    - target: {fileID: 5371082673048699603, guid: 00f6b1bbc06afe14481a9b30f74c2c24,
        type: 3}
      propertyPath: m_LocalScale.z
      value: 1.6352055
      objectReference: {fileID: 0}
    - target: {fileID: 5371082673048699603, guid: 00f6b1bbc06afe14481a9b30f74c2c24,
        type: 3}
      propertyPath: m_LocalPosition.y
      value: -28.69
      objectReference: {fileID: 0}
    m_RemovedComponents: []
  m_SourcePrefab: {fileID: 100100000, guid: 00f6b1bbc06afe14481a9b30f74c2c24, type: 3}
--- !u!4 &2826797300427548919 stripped
Transform:
  m_CorrespondingSourceObject: {fileID: 276857121779945495, guid: 00f6b1bbc06afe14481a9b30f74c2c24,
    type: 3}
  m_PrefabInstance: {fileID: 2660876684676266208}
  m_PrefabAsset: {fileID: 0}
--- !u!1001 &2660876684990938520
PrefabInstance:
  m_ObjectHideFlags: 0
  serializedVersion: 2
  m_Modification:
    m_TransformParent: {fileID: 985322229024372629}
    m_Modifications:
    - target: {fileID: 3291476652885941688, guid: 6359923f93cf6174980f385099978eca,
        type: 3}
      propertyPath: m_LocalPosition.x
      value: 118.652466
      objectReference: {fileID: 0}
    - target: {fileID: 3291476652885941688, guid: 6359923f93cf6174980f385099978eca,
        type: 3}
      propertyPath: m_LocalPosition.y
      value: 127.69746
      objectReference: {fileID: 0}
    - target: {fileID: 3291476652885941688, guid: 6359923f93cf6174980f385099978eca,
        type: 3}
      propertyPath: m_LocalPosition.z
      value: 86.709755
      objectReference: {fileID: 0}
    - target: {fileID: 3291476652885941688, guid: 6359923f93cf6174980f385099978eca,
        type: 3}
      propertyPath: m_LocalRotation.x
      value: 0.7071068
      objectReference: {fileID: 0}
    - target: {fileID: 3291476652885941688, guid: 6359923f93cf6174980f385099978eca,
        type: 3}
      propertyPath: m_LocalRotation.y
      value: -0
      objectReference: {fileID: 0}
    - target: {fileID: 3291476652885941688, guid: 6359923f93cf6174980f385099978eca,
        type: 3}
      propertyPath: m_LocalRotation.z
      value: -0
      objectReference: {fileID: 0}
    - target: {fileID: 3291476652885941688, guid: 6359923f93cf6174980f385099978eca,
        type: 3}
      propertyPath: m_LocalRotation.w
      value: 0.7071068
      objectReference: {fileID: 0}
    - target: {fileID: 3291476652885941688, guid: 6359923f93cf6174980f385099978eca,
        type: 3}
      propertyPath: m_RootOrder
      value: 11
      objectReference: {fileID: 0}
    - target: {fileID: 3291476652885941688, guid: 6359923f93cf6174980f385099978eca,
        type: 3}
      propertyPath: m_LocalEulerAnglesHint.x
      value: 0
      objectReference: {fileID: 0}
    - target: {fileID: 3291476652885941688, guid: 6359923f93cf6174980f385099978eca,
        type: 3}
      propertyPath: m_LocalEulerAnglesHint.y
      value: 90
      objectReference: {fileID: 0}
    - target: {fileID: 3291476652885941688, guid: 6359923f93cf6174980f385099978eca,
        type: 3}
      propertyPath: m_LocalEulerAnglesHint.z
      value: 0
      objectReference: {fileID: 0}
    - target: {fileID: 3291476652885941688, guid: 6359923f93cf6174980f385099978eca,
        type: 3}
      propertyPath: m_LocalScale.x
      value: 1.6028516
      objectReference: {fileID: 0}
    - target: {fileID: 3291476652885941688, guid: 6359923f93cf6174980f385099978eca,
        type: 3}
      propertyPath: m_LocalScale.y
      value: 2.804989
      objectReference: {fileID: 0}
    - target: {fileID: 3291476652885941688, guid: 6359923f93cf6174980f385099978eca,
        type: 3}
      propertyPath: m_LocalScale.z
      value: 0.7613543
      objectReference: {fileID: 0}
    - target: {fileID: 3291476652885941689, guid: 6359923f93cf6174980f385099978eca,
        type: 3}
      propertyPath: m_Name
      value: Hollow Knight
      objectReference: {fileID: 0}
    - target: {fileID: 3291476652996088448, guid: 6359923f93cf6174980f385099978eca,
        type: 3}
      propertyPath: m_IsTrigger
      value: 0
      objectReference: {fileID: 0}
    m_RemovedComponents: []
  m_SourcePrefab: {fileID: 100100000, guid: 6359923f93cf6174980f385099978eca, type: 3}
--- !u!4 &666807265902387232 stripped
Transform:
  m_CorrespondingSourceObject: {fileID: 3291476652885941688, guid: 6359923f93cf6174980f385099978eca,
    type: 3}
  m_PrefabInstance: {fileID: 2660876684990938520}
  m_PrefabAsset: {fileID: 0}
--- !u!1001 &2660876685034141680
PrefabInstance:
  m_ObjectHideFlags: 0
  serializedVersion: 2
  m_Modification:
    m_TransformParent: {fileID: 985322229024372629}
    m_Modifications:
    - target: {fileID: 4616593894284745513, guid: cbf8c163c6bbcaa45b505676d3cb511d,
        type: 3}
      propertyPath: m_LocalPosition.x
      value: 102.49
      objectReference: {fileID: 0}
    - target: {fileID: 4616593894284745513, guid: cbf8c163c6bbcaa45b505676d3cb511d,
        type: 3}
      propertyPath: m_LocalPosition.y
      value: -6.438
      objectReference: {fileID: 0}
    - target: {fileID: 4616593894284745513, guid: cbf8c163c6bbcaa45b505676d3cb511d,
        type: 3}
      propertyPath: m_LocalPosition.z
      value: 66.887
      objectReference: {fileID: 0}
    - target: {fileID: 4616593894284745513, guid: cbf8c163c6bbcaa45b505676d3cb511d,
        type: 3}
      propertyPath: m_LocalScale.x
      value: 0.008762233
      objectReference: {fileID: 0}
    - target: {fileID: 4616593894284745513, guid: cbf8c163c6bbcaa45b505676d3cb511d,
        type: 3}
      propertyPath: m_LocalScale.y
      value: 0.008762233
      objectReference: {fileID: 0}
    - target: {fileID: 4616593894284745513, guid: cbf8c163c6bbcaa45b505676d3cb511d,
        type: 3}
      propertyPath: m_LocalScale.z
      value: 0.008762233
      objectReference: {fileID: 0}
    - target: {fileID: 4616593894284745513, guid: cbf8c163c6bbcaa45b505676d3cb511d,
        type: 3}
      propertyPath: m_LocalRotation.x
      value: -0.5
      objectReference: {fileID: 0}
    - target: {fileID: 4616593894284745513, guid: cbf8c163c6bbcaa45b505676d3cb511d,
        type: 3}
      propertyPath: m_LocalRotation.y
      value: 0.5
      objectReference: {fileID: 0}
    - target: {fileID: 4616593894284745513, guid: cbf8c163c6bbcaa45b505676d3cb511d,
        type: 3}
      propertyPath: m_LocalRotation.z
      value: 0.5
      objectReference: {fileID: 0}
    - target: {fileID: 4616593894284745513, guid: cbf8c163c6bbcaa45b505676d3cb511d,
        type: 3}
      propertyPath: m_LocalRotation.w
      value: 0.5
      objectReference: {fileID: 0}
    - target: {fileID: 4616593894284745513, guid: cbf8c163c6bbcaa45b505676d3cb511d,
        type: 3}
      propertyPath: m_LocalEulerAnglesHint.y
      value: 90
      objectReference: {fileID: 0}
    - target: {fileID: 4616593894284745513, guid: cbf8c163c6bbcaa45b505676d3cb511d,
        type: 3}
      propertyPath: m_LocalEulerAnglesHint.x
      value: -90
      objectReference: {fileID: 0}
    - target: {fileID: 5159953998126071039, guid: cbf8c163c6bbcaa45b505676d3cb511d,
        type: 3}
      propertyPath: m_IsTrigger
      value: 0
      objectReference: {fileID: 0}
    - target: {fileID: 5159953999000795016, guid: cbf8c163c6bbcaa45b505676d3cb511d,
        type: 3}
      propertyPath: m_LocalPosition.x
      value: 1807.9578
      objectReference: {fileID: 0}
    - target: {fileID: 5159953999000795016, guid: cbf8c163c6bbcaa45b505676d3cb511d,
        type: 3}
      propertyPath: m_LocalPosition.y
      value: 2749.8635
      objectReference: {fileID: 0}
    - target: {fileID: 5159953999000795016, guid: cbf8c163c6bbcaa45b505676d3cb511d,
        type: 3}
      propertyPath: m_LocalPosition.z
      value: 189.27055
      objectReference: {fileID: 0}
    - target: {fileID: 5159953999000795016, guid: cbf8c163c6bbcaa45b505676d3cb511d,
        type: 3}
      propertyPath: m_LocalRotation.x
      value: 0.5
      objectReference: {fileID: 0}
    - target: {fileID: 5159953999000795016, guid: cbf8c163c6bbcaa45b505676d3cb511d,
        type: 3}
      propertyPath: m_LocalRotation.y
      value: -0.5
      objectReference: {fileID: 0}
    - target: {fileID: 5159953999000795016, guid: cbf8c163c6bbcaa45b505676d3cb511d,
        type: 3}
      propertyPath: m_LocalRotation.z
      value: -0.5
      objectReference: {fileID: 0}
    - target: {fileID: 5159953999000795016, guid: cbf8c163c6bbcaa45b505676d3cb511d,
        type: 3}
      propertyPath: m_LocalRotation.w
      value: 0.5
      objectReference: {fileID: 0}
    - target: {fileID: 5159953999000795016, guid: cbf8c163c6bbcaa45b505676d3cb511d,
        type: 3}
      propertyPath: m_RootOrder
      value: 4
      objectReference: {fileID: 0}
    - target: {fileID: 5159953999000795016, guid: cbf8c163c6bbcaa45b505676d3cb511d,
        type: 3}
      propertyPath: m_LocalEulerAnglesHint.x
      value: 0
      objectReference: {fileID: 0}
    - target: {fileID: 5159953999000795016, guid: cbf8c163c6bbcaa45b505676d3cb511d,
        type: 3}
      propertyPath: m_LocalEulerAnglesHint.y
      value: 0
      objectReference: {fileID: 0}
    - target: {fileID: 5159953999000795016, guid: cbf8c163c6bbcaa45b505676d3cb511d,
        type: 3}
      propertyPath: m_LocalEulerAnglesHint.z
      value: 0
      objectReference: {fileID: 0}
    - target: {fileID: 5159953999000795016, guid: cbf8c163c6bbcaa45b505676d3cb511d,
        type: 3}
      propertyPath: m_LocalScale.x
      value: 26.156792
      objectReference: {fileID: 0}
    - target: {fileID: 5159953999000795016, guid: cbf8c163c6bbcaa45b505676d3cb511d,
        type: 3}
      propertyPath: m_LocalScale.y
      value: 26.156792
      objectReference: {fileID: 0}
    - target: {fileID: 5159953999000795016, guid: cbf8c163c6bbcaa45b505676d3cb511d,
        type: 3}
      propertyPath: m_LocalScale.z
      value: 26.156796
      objectReference: {fileID: 0}
    - target: {fileID: 5159953999000795017, guid: cbf8c163c6bbcaa45b505676d3cb511d,
        type: 3}
      propertyPath: m_Name
      value: funko inuyasha
      objectReference: {fileID: 0}
    m_RemovedComponents: []
  m_SourcePrefab: {fileID: 100100000, guid: cbf8c163c6bbcaa45b505676d3cb511d, type: 3}
--- !u!4 &7167060913308582008 stripped
Transform:
  m_CorrespondingSourceObject: {fileID: 5159953999000795016, guid: cbf8c163c6bbcaa45b505676d3cb511d,
    type: 3}
  m_PrefabInstance: {fileID: 2660876685034141680}
  m_PrefabAsset: {fileID: 0}
--- !u!1001 &2660876685192233554
PrefabInstance:
  m_ObjectHideFlags: 0
  serializedVersion: 2
  m_Modification:
    m_TransformParent: {fileID: 985322229024372629}
    m_Modifications:
    - target: {fileID: 1342390772811910383, guid: c01bd0de9ce2fdc48bcecc101b9e69bb,
        type: 3}
      propertyPath: m_Name
      value: sobrenatural 2 2
      objectReference: {fileID: 0}
    - target: {fileID: 2633279672082699615, guid: c01bd0de9ce2fdc48bcecc101b9e69bb,
        type: 3}
      propertyPath: m_LocalPosition.x
      value: 25.607506
      objectReference: {fileID: 0}
    - target: {fileID: 2633279672082699615, guid: c01bd0de9ce2fdc48bcecc101b9e69bb,
        type: 3}
      propertyPath: m_LocalPosition.y
      value: 98.31813
      objectReference: {fileID: 0}
    - target: {fileID: 2633279672082699615, guid: c01bd0de9ce2fdc48bcecc101b9e69bb,
        type: 3}
      propertyPath: m_LocalPosition.z
      value: 43.420277
      objectReference: {fileID: 0}
    - target: {fileID: 2633279672082699615, guid: c01bd0de9ce2fdc48bcecc101b9e69bb,
        type: 3}
      propertyPath: m_LocalRotation.x
      value: -0
      objectReference: {fileID: 0}
    - target: {fileID: 2633279672082699615, guid: c01bd0de9ce2fdc48bcecc101b9e69bb,
        type: 3}
      propertyPath: m_LocalRotation.y
      value: -0.7071068
      objectReference: {fileID: 0}
    - target: {fileID: 2633279672082699615, guid: c01bd0de9ce2fdc48bcecc101b9e69bb,
        type: 3}
      propertyPath: m_LocalRotation.z
      value: -0.7071068
      objectReference: {fileID: 0}
    - target: {fileID: 2633279672082699615, guid: c01bd0de9ce2fdc48bcecc101b9e69bb,
        type: 3}
      propertyPath: m_LocalRotation.w
      value: 0
      objectReference: {fileID: 0}
    - target: {fileID: 2633279672082699615, guid: c01bd0de9ce2fdc48bcecc101b9e69bb,
        type: 3}
      propertyPath: m_RootOrder
      value: 8
      objectReference: {fileID: 0}
    - target: {fileID: 2633279672082699615, guid: c01bd0de9ce2fdc48bcecc101b9e69bb,
        type: 3}
      propertyPath: m_LocalEulerAnglesHint.x
      value: 0
      objectReference: {fileID: 0}
    - target: {fileID: 2633279672082699615, guid: c01bd0de9ce2fdc48bcecc101b9e69bb,
        type: 3}
      propertyPath: m_LocalEulerAnglesHint.y
      value: -90
      objectReference: {fileID: 0}
    - target: {fileID: 2633279672082699615, guid: c01bd0de9ce2fdc48bcecc101b9e69bb,
        type: 3}
      propertyPath: m_LocalEulerAnglesHint.z
      value: 0
      objectReference: {fileID: 0}
    - target: {fileID: 2633279672082699615, guid: c01bd0de9ce2fdc48bcecc101b9e69bb,
        type: 3}
      propertyPath: m_LocalScale.x
      value: 47.99249
      objectReference: {fileID: 0}
    - target: {fileID: 2633279672082699615, guid: c01bd0de9ce2fdc48bcecc101b9e69bb,
        type: 3}
      propertyPath: m_LocalScale.y
      value: 47.992477
      objectReference: {fileID: 0}
    - target: {fileID: 2633279672082699615, guid: c01bd0de9ce2fdc48bcecc101b9e69bb,
        type: 3}
      propertyPath: m_LocalScale.z
      value: 47.992485
      objectReference: {fileID: 0}
    m_RemovedComponents:
    - {fileID: 7437230819507627716, guid: c01bd0de9ce2fdc48bcecc101b9e69bb, type: 3}
  m_SourcePrefab: {fileID: 100100000, guid: c01bd0de9ce2fdc48bcecc101b9e69bb, type: 3}
--- !u!4 &28742160400488205 stripped
Transform:
  m_CorrespondingSourceObject: {fileID: 2633279672082699615, guid: c01bd0de9ce2fdc48bcecc101b9e69bb,
    type: 3}
  m_PrefabInstance: {fileID: 2660876685192233554}
  m_PrefabAsset: {fileID: 0}
--- !u!1001 &2660876685309518131
PrefabInstance:
  m_ObjectHideFlags: 0
  serializedVersion: 2
  m_Modification:
    m_TransformParent: {fileID: 985322229024372629}
    m_Modifications:
    - target: {fileID: 4626428718331050822, guid: 621bc78c3f65bd845a4a12b26835c28c,
        type: 3}
      propertyPath: m_LocalPosition.y
      value: 72.6
      objectReference: {fileID: 0}
    - target: {fileID: 4626428718331050822, guid: 621bc78c3f65bd845a4a12b26835c28c,
        type: 3}
      propertyPath: m_LocalPosition.z
      value: 36.3
      objectReference: {fileID: 0}
    - target: {fileID: 4626428718960527242, guid: 621bc78c3f65bd845a4a12b26835c28c,
        type: 3}
      propertyPath: m_IsTrigger
      value: 0
      objectReference: {fileID: 0}
    - target: {fileID: 4626428719063774002, guid: 621bc78c3f65bd845a4a12b26835c28c,
        type: 3}
      propertyPath: m_Name
      value: Vinilo Freddie
      objectReference: {fileID: 0}
    - target: {fileID: 4626428719063774003, guid: 621bc78c3f65bd845a4a12b26835c28c,
        type: 3}
      propertyPath: m_LocalPosition.x
      value: 25.895233
      objectReference: {fileID: 0}
    - target: {fileID: 4626428719063774003, guid: 621bc78c3f65bd845a4a12b26835c28c,
        type: 3}
      propertyPath: m_LocalPosition.y
      value: 95.18456
      objectReference: {fileID: 0}
    - target: {fileID: 4626428719063774003, guid: 621bc78c3f65bd845a4a12b26835c28c,
        type: 3}
      propertyPath: m_LocalPosition.z
      value: 6.9838624
      objectReference: {fileID: 0}
    - target: {fileID: 4626428719063774003, guid: 621bc78c3f65bd845a4a12b26835c28c,
        type: 3}
      propertyPath: m_LocalRotation.x
      value: 0.7071068
      objectReference: {fileID: 0}
    - target: {fileID: 4626428719063774003, guid: 621bc78c3f65bd845a4a12b26835c28c,
        type: 3}
      propertyPath: m_LocalRotation.y
      value: -0
      objectReference: {fileID: 0}
    - target: {fileID: 4626428719063774003, guid: 621bc78c3f65bd845a4a12b26835c28c,
        type: 3}
      propertyPath: m_LocalRotation.z
      value: -0
      objectReference: {fileID: 0}
    - target: {fileID: 4626428719063774003, guid: 621bc78c3f65bd845a4a12b26835c28c,
        type: 3}
      propertyPath: m_LocalRotation.w
      value: 0.7071068
      objectReference: {fileID: 0}
    - target: {fileID: 4626428719063774003, guid: 621bc78c3f65bd845a4a12b26835c28c,
        type: 3}
      propertyPath: m_RootOrder
      value: 15
      objectReference: {fileID: 0}
    - target: {fileID: 4626428719063774003, guid: 621bc78c3f65bd845a4a12b26835c28c,
        type: 3}
      propertyPath: m_LocalEulerAnglesHint.x
      value: 0
      objectReference: {fileID: 0}
    - target: {fileID: 4626428719063774003, guid: 621bc78c3f65bd845a4a12b26835c28c,
        type: 3}
      propertyPath: m_LocalEulerAnglesHint.y
      value: 90
      objectReference: {fileID: 0}
    - target: {fileID: 4626428719063774003, guid: 621bc78c3f65bd845a4a12b26835c28c,
        type: 3}
      propertyPath: m_LocalEulerAnglesHint.z
      value: 0
      objectReference: {fileID: 0}
    - target: {fileID: 4626428719063774003, guid: 621bc78c3f65bd845a4a12b26835c28c,
        type: 3}
      propertyPath: m_LocalScale.x
      value: 3.089118
      objectReference: {fileID: 0}
    - target: {fileID: 4626428719063774003, guid: 621bc78c3f65bd845a4a12b26835c28c,
        type: 3}
      propertyPath: m_LocalScale.y
      value: 3.089117
      objectReference: {fileID: 0}
    - target: {fileID: 4626428719063774003, guid: 621bc78c3f65bd845a4a12b26835c28c,
        type: 3}
      propertyPath: m_LocalScale.z
      value: 3.0891173
      objectReference: {fileID: 0}
    m_RemovedComponents: []
  m_SourcePrefab: {fileID: 100100000, guid: 621bc78c3f65bd845a4a12b26835c28c, type: 3}
--- !u!4 &7266898122197438976 stripped
Transform:
  m_CorrespondingSourceObject: {fileID: 4626428719063774003, guid: 621bc78c3f65bd845a4a12b26835c28c,
    type: 3}
  m_PrefabInstance: {fileID: 2660876685309518131}
  m_PrefabAsset: {fileID: 0}
--- !u!1001 &2660876685461061409
PrefabInstance:
  m_ObjectHideFlags: 0
  serializedVersion: 2
  m_Modification:
    m_TransformParent: {fileID: 985322229024372629}
    m_Modifications:
    - target: {fileID: 3463213402430342968, guid: 94000ac000012a349bd8d88c295123f3,
        type: 3}
      propertyPath: m_LocalPosition.x
      value: 36.096382
      objectReference: {fileID: 0}
    - target: {fileID: 3463213402430342968, guid: 94000ac000012a349bd8d88c295123f3,
        type: 3}
      propertyPath: m_LocalPosition.y
      value: 92.202675
      objectReference: {fileID: 0}
    - target: {fileID: 3463213402430342968, guid: 94000ac000012a349bd8d88c295123f3,
        type: 3}
      propertyPath: m_LocalPosition.z
      value: 84.19871
      objectReference: {fileID: 0}
    - target: {fileID: 3463213402430342968, guid: 94000ac000012a349bd8d88c295123f3,
        type: 3}
      propertyPath: m_LocalRotation.x
      value: -0
      objectReference: {fileID: 0}
    - target: {fileID: 3463213402430342968, guid: 94000ac000012a349bd8d88c295123f3,
        type: 3}
      propertyPath: m_LocalRotation.y
      value: -0.7071068
      objectReference: {fileID: 0}
    - target: {fileID: 3463213402430342968, guid: 94000ac000012a349bd8d88c295123f3,
        type: 3}
      propertyPath: m_LocalRotation.z
      value: -0.7071068
      objectReference: {fileID: 0}
    - target: {fileID: 3463213402430342968, guid: 94000ac000012a349bd8d88c295123f3,
        type: 3}
      propertyPath: m_LocalRotation.w
      value: 0
      objectReference: {fileID: 0}
    - target: {fileID: 3463213402430342968, guid: 94000ac000012a349bd8d88c295123f3,
        type: 3}
      propertyPath: m_RootOrder
      value: 14
      objectReference: {fileID: 0}
    - target: {fileID: 3463213402430342968, guid: 94000ac000012a349bd8d88c295123f3,
        type: 3}
      propertyPath: m_LocalEulerAnglesHint.x
      value: 0
      objectReference: {fileID: 0}
    - target: {fileID: 3463213402430342968, guid: 94000ac000012a349bd8d88c295123f3,
        type: 3}
      propertyPath: m_LocalEulerAnglesHint.y
      value: -90
      objectReference: {fileID: 0}
    - target: {fileID: 3463213402430342968, guid: 94000ac000012a349bd8d88c295123f3,
        type: 3}
      propertyPath: m_LocalEulerAnglesHint.z
      value: 0
      objectReference: {fileID: 0}
    - target: {fileID: 3463213402430342968, guid: 94000ac000012a349bd8d88c295123f3,
        type: 3}
      propertyPath: m_LocalScale.x
      value: 74.98771
      objectReference: {fileID: 0}
    - target: {fileID: 3463213402430342968, guid: 94000ac000012a349bd8d88c295123f3,
        type: 3}
      propertyPath: m_LocalScale.y
      value: 74.98769
      objectReference: {fileID: 0}
    - target: {fileID: 3463213402430342968, guid: 94000ac000012a349bd8d88c295123f3,
        type: 3}
      propertyPath: m_LocalScale.z
      value: 74.9877
      objectReference: {fileID: 0}
    - target: {fileID: 3785012953250179106, guid: 94000ac000012a349bd8d88c295123f3,
        type: 3}
      propertyPath: m_Size.x
      value: 0.13378698
      objectReference: {fileID: 0}
    - target: {fileID: 3785012953250179106, guid: 94000ac000012a349bd8d88c295123f3,
        type: 3}
      propertyPath: m_Size.y
      value: 0.12969501
      objectReference: {fileID: 0}
    - target: {fileID: 3785012953250179106, guid: 94000ac000012a349bd8d88c295123f3,
        type: 3}
      propertyPath: m_Size.z
      value: 0.019483225
      objectReference: {fileID: 0}
    - target: {fileID: 3785012953250179106, guid: 94000ac000012a349bd8d88c295123f3,
        type: 3}
      propertyPath: m_Center.z
      value: -0.016051048
      objectReference: {fileID: 0}
    - target: {fileID: 3785012953250179106, guid: 94000ac000012a349bd8d88c295123f3,
        type: 3}
      propertyPath: m_Center.x
      value: -0.61791396
      objectReference: {fileID: 0}
    - target: {fileID: 3785012953250179106, guid: 94000ac000012a349bd8d88c295123f3,
        type: 3}
      propertyPath: m_Center.y
      value: -1.0199367
      objectReference: {fileID: 0}
    - target: {fileID: 4299038621401253995, guid: 94000ac000012a349bd8d88c295123f3,
        type: 3}
      propertyPath: m_Name
      value: cd ed 1
      objectReference: {fileID: 0}
    m_RemovedComponents: []
  m_SourcePrefab: {fileID: 100100000, guid: 94000ac000012a349bd8d88c295123f3, type: 3}
--- !u!4 &1504935661696579609 stripped
Transform:
  m_CorrespondingSourceObject: {fileID: 3463213402430342968, guid: 94000ac000012a349bd8d88c295123f3,
    type: 3}
  m_PrefabInstance: {fileID: 2660876685461061409}
  m_PrefabAsset: {fileID: 0}
--- !u!1001 &2660876685687874681
PrefabInstance:
  m_ObjectHideFlags: 0
  serializedVersion: 2
  m_Modification:
    m_TransformParent: {fileID: 985322229024372629}
    m_Modifications:
    - target: {fileID: 1853598983627121213, guid: de3999ed3d1632e4d885e7784051300e,
        type: 3}
      propertyPath: m_LocalPosition.x
      value: -5.77
      objectReference: {fileID: 0}
    - target: {fileID: 1853598983627121213, guid: de3999ed3d1632e4d885e7784051300e,
        type: 3}
      propertyPath: m_LocalPosition.y
      value: -0.03
      objectReference: {fileID: 0}
    - target: {fileID: 1853598983627121213, guid: de3999ed3d1632e4d885e7784051300e,
        type: 3}
      propertyPath: m_LocalPosition.z
      value: 10.2
      objectReference: {fileID: 0}
    - target: {fileID: 1853598983627121213, guid: de3999ed3d1632e4d885e7784051300e,
        type: 3}
      propertyPath: m_LocalScale.x
      value: 0.2831992
      objectReference: {fileID: 0}
    - target: {fileID: 1853598983627121213, guid: de3999ed3d1632e4d885e7784051300e,
        type: 3}
      propertyPath: m_LocalScale.y
      value: 0.49559858
      objectReference: {fileID: 0}
    - target: {fileID: 1853598983627121213, guid: de3999ed3d1632e4d885e7784051300e,
        type: 3}
      propertyPath: m_LocalScale.z
      value: 0.1345196
      objectReference: {fileID: 0}
    - target: {fileID: 2176354663272793563, guid: de3999ed3d1632e4d885e7784051300e,
        type: 3}
      propertyPath: m_IsTrigger
      value: 0
      objectReference: {fileID: 0}
    - target: {fileID: 2176354663651589708, guid: de3999ed3d1632e4d885e7784051300e,
        type: 3}
      propertyPath: m_Name
      value: Super Mario
      objectReference: {fileID: 0}
    - target: {fileID: 2176354663651589711, guid: de3999ed3d1632e4d885e7784051300e,
        type: 3}
      propertyPath: m_LocalPosition.x
      value: -1.1770453
      objectReference: {fileID: 0}
    - target: {fileID: 2176354663651589711, guid: de3999ed3d1632e4d885e7784051300e,
        type: 3}
      propertyPath: m_LocalPosition.y
      value: 81.03373
      objectReference: {fileID: 0}
    - target: {fileID: 2176354663651589711, guid: de3999ed3d1632e4d885e7784051300e,
        type: 3}
      propertyPath: m_LocalPosition.z
      value: 21.05622
      objectReference: {fileID: 0}
    - target: {fileID: 2176354663651589711, guid: de3999ed3d1632e4d885e7784051300e,
        type: 3}
      propertyPath: m_LocalRotation.x
      value: 0.7071068
      objectReference: {fileID: 0}
    - target: {fileID: 2176354663651589711, guid: de3999ed3d1632e4d885e7784051300e,
        type: 3}
      propertyPath: m_LocalRotation.y
      value: -0
      objectReference: {fileID: 0}
    - target: {fileID: 2176354663651589711, guid: de3999ed3d1632e4d885e7784051300e,
        type: 3}
      propertyPath: m_LocalRotation.z
      value: -0
      objectReference: {fileID: 0}
    - target: {fileID: 2176354663651589711, guid: de3999ed3d1632e4d885e7784051300e,
        type: 3}
      propertyPath: m_LocalRotation.w
      value: 0.7071068
      objectReference: {fileID: 0}
    - target: {fileID: 2176354663651589711, guid: de3999ed3d1632e4d885e7784051300e,
        type: 3}
      propertyPath: m_RootOrder
      value: 12
      objectReference: {fileID: 0}
    - target: {fileID: 2176354663651589711, guid: de3999ed3d1632e4d885e7784051300e,
        type: 3}
      propertyPath: m_LocalEulerAnglesHint.x
      value: 0
      objectReference: {fileID: 0}
    - target: {fileID: 2176354663651589711, guid: de3999ed3d1632e4d885e7784051300e,
        type: 3}
      propertyPath: m_LocalEulerAnglesHint.y
      value: 90
      objectReference: {fileID: 0}
    - target: {fileID: 2176354663651589711, guid: de3999ed3d1632e4d885e7784051300e,
        type: 3}
      propertyPath: m_LocalEulerAnglesHint.z
      value: 0
      objectReference: {fileID: 0}
    - target: {fileID: 2176354663651589711, guid: de3999ed3d1632e4d885e7784051300e,
        type: 3}
      propertyPath: m_LocalScale.x
      value: 1.0887984
      objectReference: {fileID: 0}
    - target: {fileID: 2176354663651589711, guid: de3999ed3d1632e4d885e7784051300e,
        type: 3}
      propertyPath: m_LocalScale.y
      value: 1.9053966
      objectReference: {fileID: 0}
    - target: {fileID: 2176354663651589711, guid: de3999ed3d1632e4d885e7784051300e,
        type: 3}
      propertyPath: m_LocalScale.z
      value: 0.5171791
      objectReference: {fileID: 0}
    m_RemovedComponents: []
  m_SourcePrefab: {fileID: 100100000, guid: de3999ed3d1632e4d885e7784051300e, type: 3}
--- !u!4 &4242006252944415286 stripped
Transform:
  m_CorrespondingSourceObject: {fileID: 2176354663651589711, guid: de3999ed3d1632e4d885e7784051300e,
    type: 3}
  m_PrefabInstance: {fileID: 2660876685687874681}
  m_PrefabAsset: {fileID: 0}
--- !u!1001 &2660876685748201721
PrefabInstance:
  m_ObjectHideFlags: 0
  serializedVersion: 2
  m_Modification:
    m_TransformParent: {fileID: 985322229024372629}
    m_Modifications:
    - target: {fileID: 3855458727815777556, guid: b0dec5d313f712b489c244863394b7c9,
        type: 3}
      propertyPath: m_LocalPosition.x
      value: 91.54094
      objectReference: {fileID: 0}
    - target: {fileID: 3855458727815777556, guid: b0dec5d313f712b489c244863394b7c9,
        type: 3}
      propertyPath: m_LocalPosition.y
      value: 107.42593
      objectReference: {fileID: 0}
    - target: {fileID: 3855458727815777556, guid: b0dec5d313f712b489c244863394b7c9,
        type: 3}
      propertyPath: m_LocalPosition.z
      value: 48.102345
      objectReference: {fileID: 0}
    - target: {fileID: 3855458727815777556, guid: b0dec5d313f712b489c244863394b7c9,
        type: 3}
      propertyPath: m_LocalRotation.x
      value: -0
      objectReference: {fileID: 0}
    - target: {fileID: 3855458727815777556, guid: b0dec5d313f712b489c244863394b7c9,
        type: 3}
      propertyPath: m_LocalRotation.y
      value: -1
      objectReference: {fileID: 0}
    - target: {fileID: 3855458727815777556, guid: b0dec5d313f712b489c244863394b7c9,
        type: 3}
      propertyPath: m_LocalRotation.z
      value: -0
      objectReference: {fileID: 0}
    - target: {fileID: 3855458727815777556, guid: b0dec5d313f712b489c244863394b7c9,
        type: 3}
      propertyPath: m_LocalRotation.w
      value: 0
      objectReference: {fileID: 0}
    - target: {fileID: 3855458727815777556, guid: b0dec5d313f712b489c244863394b7c9,
        type: 3}
      propertyPath: m_RootOrder
      value: 5
      objectReference: {fileID: 0}
    - target: {fileID: 3855458727815777556, guid: b0dec5d313f712b489c244863394b7c9,
        type: 3}
      propertyPath: m_LocalEulerAnglesHint.x
      value: 90
      objectReference: {fileID: 0}
    - target: {fileID: 3855458727815777556, guid: b0dec5d313f712b489c244863394b7c9,
        type: 3}
      propertyPath: m_LocalEulerAnglesHint.y
      value: -90
      objectReference: {fileID: 0}
    - target: {fileID: 3855458727815777556, guid: b0dec5d313f712b489c244863394b7c9,
        type: 3}
      propertyPath: m_LocalEulerAnglesHint.z
      value: 0
      objectReference: {fileID: 0}
    - target: {fileID: 3855458727815777556, guid: b0dec5d313f712b489c244863394b7c9,
        type: 3}
      propertyPath: m_LocalScale.x
      value: 0.5026411
      objectReference: {fileID: 0}
    - target: {fileID: 3855458727815777556, guid: b0dec5d313f712b489c244863394b7c9,
        type: 3}
      propertyPath: m_LocalScale.y
      value: 0.4787058
      objectReference: {fileID: 0}
    - target: {fileID: 3855458727815777556, guid: b0dec5d313f712b489c244863394b7c9,
        type: 3}
      propertyPath: m_LocalScale.z
      value: 0.4787058
      objectReference: {fileID: 0}
    - target: {fileID: 4524578196335876014, guid: b0dec5d313f712b489c244863394b7c9,
        type: 3}
      propertyPath: m_Name
      value: pelicula cenicienta 1
      objectReference: {fileID: 0}
    m_RemovedComponents: []
  m_SourcePrefab: {fileID: 100100000, guid: b0dec5d313f712b489c244863394b7c9, type: 3}
--- !u!4 &1255381103041078765 stripped
Transform:
  m_CorrespondingSourceObject: {fileID: 3855458727815777556, guid: b0dec5d313f712b489c244863394b7c9,
    type: 3}
  m_PrefabInstance: {fileID: 2660876685748201721}
  m_PrefabAsset: {fileID: 0}
--- !u!1001 &2660876685935061275
PrefabInstance:
  m_ObjectHideFlags: 0
  serializedVersion: 2
  m_Modification:
    m_TransformParent: {fileID: 985322229024372629}
    m_Modifications:
    - target: {fileID: 2804801430113019902, guid: a0758ddb1a8314a4c870195f9ac7529c,
        type: 3}
      propertyPath: m_LocalPosition.x
      value: 19.408344
      objectReference: {fileID: 0}
    - target: {fileID: 2804801430113019902, guid: a0758ddb1a8314a4c870195f9ac7529c,
        type: 3}
      propertyPath: m_LocalPosition.y
      value: 64.808685
      objectReference: {fileID: 0}
    - target: {fileID: 2804801430113019902, guid: a0758ddb1a8314a4c870195f9ac7529c,
        type: 3}
      propertyPath: m_LocalPosition.z
      value: 37.843647
      objectReference: {fileID: 0}
    - target: {fileID: 2804801430113019902, guid: a0758ddb1a8314a4c870195f9ac7529c,
        type: 3}
      propertyPath: m_LocalRotation.x
      value: 0.7071068
      objectReference: {fileID: 0}
    - target: {fileID: 2804801430113019902, guid: a0758ddb1a8314a4c870195f9ac7529c,
        type: 3}
      propertyPath: m_LocalRotation.y
      value: -0
      objectReference: {fileID: 0}
    - target: {fileID: 2804801430113019902, guid: a0758ddb1a8314a4c870195f9ac7529c,
        type: 3}
      propertyPath: m_LocalRotation.z
      value: -0
      objectReference: {fileID: 0}
    - target: {fileID: 2804801430113019902, guid: a0758ddb1a8314a4c870195f9ac7529c,
        type: 3}
      propertyPath: m_LocalRotation.w
      value: 0.7071068
      objectReference: {fileID: 0}
    - target: {fileID: 2804801430113019902, guid: a0758ddb1a8314a4c870195f9ac7529c,
        type: 3}
      propertyPath: m_RootOrder
      value: 9
      objectReference: {fileID: 0}
    - target: {fileID: 2804801430113019902, guid: a0758ddb1a8314a4c870195f9ac7529c,
        type: 3}
      propertyPath: m_LocalEulerAnglesHint.x
      value: 0
      objectReference: {fileID: 0}
    - target: {fileID: 2804801430113019902, guid: a0758ddb1a8314a4c870195f9ac7529c,
        type: 3}
      propertyPath: m_LocalEulerAnglesHint.y
      value: 90
      objectReference: {fileID: 0}
    - target: {fileID: 2804801430113019902, guid: a0758ddb1a8314a4c870195f9ac7529c,
        type: 3}
      propertyPath: m_LocalEulerAnglesHint.z
      value: 0
      objectReference: {fileID: 0}
    - target: {fileID: 2804801430113019902, guid: a0758ddb1a8314a4c870195f9ac7529c,
        type: 3}
      propertyPath: m_LocalScale.x
      value: 46.515633
      objectReference: {fileID: 0}
    - target: {fileID: 2804801430113019902, guid: a0758ddb1a8314a4c870195f9ac7529c,
        type: 3}
      propertyPath: m_LocalScale.y
      value: 46.515617
      objectReference: {fileID: 0}
    - target: {fileID: 2804801430113019902, guid: a0758ddb1a8314a4c870195f9ac7529c,
        type: 3}
      propertyPath: m_LocalScale.z
      value: 46.515625
      objectReference: {fileID: 0}
    - target: {fileID: 4795640978084304018, guid: a0758ddb1a8314a4c870195f9ac7529c,
        type: 3}
      propertyPath: m_Name
      value: sobrenatural 3 2
      objectReference: {fileID: 0}
    m_RemovedComponents:
    - {fileID: 1256231273244991863, guid: a0758ddb1a8314a4c870195f9ac7529c, type: 3}
  m_SourcePrefab: {fileID: 100100000, guid: a0758ddb1a8314a4c870195f9ac7529c, type: 3}
--- !u!4 &144675067985645285 stripped
Transform:
  m_CorrespondingSourceObject: {fileID: 2804801430113019902, guid: a0758ddb1a8314a4c870195f9ac7529c,
    type: 3}
  m_PrefabInstance: {fileID: 2660876685935061275}
  m_PrefabAsset: {fileID: 0}
